<record><leader>00000cas a2200000 a 4500</leader><controlfield tag="001">19255258</controlfield><controlfield tag="008">890223c19329999tnucr ne      0    0eng d</controlfield><datafield ind1=" " ind2=" " tag="010"><subfield code="a">sn 89058348 </subfield></datafield><datafield ind1=" " ind2=" " tag="040"><subfield code="a">KNP</subfield><subfield code="b">eng</subfield><subfield code="c">KNP</subfield><subfield code="d">TGN</subfield><subfield code="d">OCL</subfield><subfield code="d">OCLCQ</subfield><subfield code="d">OCLCF</subfield><subfield code="d">OCLCO</subfield></datafield><datafield ind1="1" ind2=" " tag="029"><subfield code="a">AU@</subfield><subfield code="b">000020271110</subfield></datafield><datafield ind1=" " ind2=" " tag="042"><subfield code="a">msc</subfield></datafield><datafield ind1=" " ind2=" " tag="043"><subfield code="a">n-us-tn</subfield></datafield><datafield ind1="0" ind2="0" tag="245"><subfield code="a">Democrat-union.</subfield></datafield><datafield ind1=" " ind2=" " tag="260"><subfield code="a">Lawrenceburg, Tenn. :</subfield><subfield code="b">The Crawfords,</subfield><subfield code="c">1932-</subfield></datafield><datafield ind1=" " ind2=" " tag="300"><subfield code="a">v. :</subfield><subfield code="b">ill.</subfield></datafield><datafield ind1=" " ind2=" " tag="310"><subfield code="a">Semiweekly,</subfield><subfield code="b">June 10, 1957-</subfield></datafield><datafield ind1=" " ind2=" " tag="321"><subfield code="a">Weekly,</subfield><subfield code="b">Aug. 12, 1932-June 7, 1957</subfield></datafield><datafield ind1="0" ind2=" " tag="362"><subfield code="a">Vol. 48, no. 1 (Aug. 12, 1932)-</subfield></datafield><datafield ind1=" " ind2=" " tag="500"><subfield code="a">Publishers: The Crawfords (Charles T. Crawford [Jr.] &amp; James W. Crawford), 1932-1966; Jim Crawford, Jr. &amp; Nate Crawford, 1966-1982; Jim Crawford, Jr., 1982-</subfield></datafield><datafield ind1=" " ind2=" " tag="500"><subfield code="a">Published: History of Lawrence County, Dec. 3, 1954.</subfield></datafield><datafield ind1=" " ind2=" " tag="500"><subfield code="a">Published: Lawrence County Sesquicentennial Edition, Aug. 11, 1969.</subfield></datafield><datafield ind1=" " ind2=" " tag="580"><subfield code="a">Formed by the union of: Union (Loretto, Tenn.), and Democrat (Lawrenceburg, Tenn.).</subfield></datafield><datafield ind1=" " ind2="0" tag="651"><subfield code="a">Lawrenceburg (Tenn.)</subfield><subfield code="v">Newspapers.</subfield></datafield><datafield ind1=" " ind2="0" tag="651"><subfield code="a">Lawrence County (Tenn.)</subfield><subfield code="v">Newspapers.</subfield></datafield><datafield ind1=" " ind2="7" tag="655"><subfield code="a">Newspapers.</subfield><subfield code="2">fast</subfield><subfield code="0">(OCoLC)fst01423814</subfield></datafield><datafield ind1=" " ind2="7" tag="651"><subfield code="a">Tennessee</subfield><subfield code="z">Lawrence County.</subfield><subfield code="2">fast</subfield><subfield code="0">(OCoLC)fst01214509</subfield></datafield><datafield ind1=" " ind2="7" tag="651"><subfield code="a">Tennessee</subfield><subfield code="z">Lawrenceburg.</subfield><subfield code="2">fast</subfield><subfield code="0">(OCoLC)fst01224705</subfield></datafield><datafield ind1=" " ind2=" " tag="752"><subfield code="a">United States</subfield><subfield code="b">Tennessee</subfield><subfield code="c">Lawrence</subfield><subfield code="d">Lawrenceburg.</subfield></datafield><datafield ind1="1" ind2="4" tag="780"><subfield code="t">Union (Loretto, Tenn.)</subfield><subfield code="w">(DLC)sn 89058169</subfield></datafield><datafield ind1="1" ind2="4" tag="780"><subfield code="t">Democrat (Lawrenceburg, Tenn.)</subfield><subfield code="w">(DLC)sn 97065070</subfield></datafield></record>